@article{DBLP:journals/jacm/BarakGIRSVY12,
  author    = {Boaz Barak and
               Oded Goldreich and
               Russell Impagliazzo and
               Steven Rudich and
               Amit Sahai and
               Salil P. Vadhan and
               Ke Yang},
  title     = {On the (im)possibility of obfuscating programs},
  journal   = {J. {ACM}},
  volume    = {59},
  number    = {2},
  pages     = {6:1--6:48},
  year      = {2012},
  url       = {http://doi.acm.org/10.1145/2160158.2160159},
  doi       = {10.1145/2160158.2160159},
  timestamp = {Wed, 15 Nov 2017 19:50:09 +0100},
  biburl    = {https://dblp.org/rec/bib/journals/jacm/BarakGIRSVY12},
  bibsource = {dblp computer science bibliography, https://dblp.org}
}

@inproceedings{DBLP:conf/crypto/BarakGIRSVY01,
  author    = {Boaz Barak and
               Oded Goldreich and
               Russell Impagliazzo and
               Steven Rudich and
               Amit Sahai and
               Salil P. Vadhan and
               Ke Yang},
  title     = {On the (Im)possibility of Obfuscating Programs},
  booktitle = {Advances in Cryptology - {CRYPTO} 2001, 21st Annual International
               Cryptology Conference, Santa Barbara, California, USA, August 19-23,
               2001, Proceedings},
  pages     = {1--18},
  year      = {2001},
  crossref  = {DBLP:conf/crypto/2001},
  url       = {https://doi.org/10.1007/3-540-44647-8\_1},
  doi       = {10.1007/3-540-44647-8\_1},
  timestamp = {Wed, 15 Nov 2017 19:50:09 +0100},
  biburl    = {https://dblp.org/rec/bib/conf/crypto/BarakGIRSVY01},
  bibsource = {dblp computer science bibliography, https://dblp.org}
}

@proceedings{DBLP:conf/crypto/2001,
  editor    = {Joe Kilian},
  title     = {Advances in Cryptology - {CRYPTO} 2001, 21st Annual International
               Cryptology Conference, Santa Barbara, California, USA, August 19-23,
               2001, Proceedings},
  series    = {Lecture Notes in Computer Science},
  volume    = {2139},
  publisher = {Springer},
  year      = {2001},
  url       = {https://doi.org/10.1007/3-540-44647-8},
  doi       = {10.1007/3-540-44647-8},
  isbn      = {3-540-42456-3},
  timestamp = {Fri, 26 May 2017 14:09:15 +0200},
  biburl    = {https://dblp.org/rec/bib/conf/crypto/2001},
  bibsource = {dblp computer science bibliography, https://dblp.org}
}

@inproceedings{DBLP:conf/sacrypt/ChowEJO02,
  author    = {Stanley Chow and
               Philip A. Eisen and
               Harold Johnson and
               Paul C. van Oorschot},
  title     = {White-Box Cryptography and an {AES} Implementation},
  booktitle = {Selected Areas in Cryptography, 9th Annual International Workshop,
               {SAC} 2002, St. John's, Newfoundland, Canada, August 15-16, 2002.
               Revised Papers},
  pages     = {250--270},
  year      = {2002},
  crossref  = {DBLP:conf/sacrypt/2002},
  url       = {https://doi.org/10.1007/3-540-36492-7_17},
  doi       = {10.1007/3-540-36492-7_17},
  timestamp = {Mon, 29 May 2017 16:53:44 +0200},
  biburl    = {http://dblp.org/rec/bib/conf/sacrypt/ChowEJO02},
  bibsource = {dblp computer science bibliography, http://dblp.org}
}

@proceedings{DBLP:conf/sacrypt/2002,
  editor    = {Kaisa Nyberg and
               Howard M. Heys},
  title     = {Selected Areas in Cryptography, 9th Annual International Workshop,
               {SAC} 2002, St. John's, Newfoundland, Canada, August 15-16, 2002.
               Revised Papers},
  series    = {Lecture Notes in Computer Science},
  volume    = {2595},
  publisher = {Springer},
  year      = {2003},
  url       = {https://doi.org/10.1007/3-540-36492-7},
  doi       = {10.1007/3-540-36492-7},
  isbn      = {3-540-00622-2},
  timestamp = {Mon, 29 May 2017 16:53:44 +0200},
  biburl    = {http://dblp.org/rec/bib/conf/sacrypt/2002},
  bibsource = {dblp computer science bibliography, http://dblp.org}
}

@inproceedings{DBLP:conf/rfidsec/GongNL11,
  author    = {Zheng Gong and
               Svetla Nikova and
               Yee Wei Law},
  title     = {{KLEIN:} {A} New Family of Lightweight Block Ciphers},
  booktitle = {{RFID.} Security and Privacy - 7th International Workshop, RFIDSec
               2011, Amherst, USA, June 26-28, 2011, Revised Selected Papers},
  pages     = {1--18},
  year      = {2011},
  crossref  = {DBLP:conf/rfidsec/2011},
  url       = {https://doi.org/10.1007/978-3-642-25286-0_1},
  doi       = {10.1007/978-3-642-25286-0_1},
  timestamp = {Wed, 24 May 2017 08:28:33 +0200},
  biburl    = {http://dblp.org/rec/bib/conf/rfidsec/GongNL11},
  bibsource = {dblp computer science bibliography, http://dblp.org}
}

@proceedings{DBLP:conf/rfidsec/2011,
  editor    = {Ari Juels and
               Christof Paar},
  title     = {{RFID.} Security and Privacy - 7th International Workshop, RFIDSec
               2011, Amherst, USA, June 26-28, 2011, Revised Selected Papers},
  series    = {Lecture Notes in Computer Science},
  volume    = {7055},
  publisher = {Springer},
  year      = {2012},
  url       = {https://doi.org/10.1007/978-3-642-25286-0},
  doi       = {10.1007/978-3-642-25286-0},
  isbn      = {978-3-642-25285-3},
  timestamp = {Wed, 24 May 2017 08:28:33 +0200},
  biburl    = {http://dblp.org/rec/bib/conf/rfidsec/2011},
  bibsource = {dblp computer science bibliography, http://dblp.org}
}

@inproceedings{DBLP:conf/fse/LallemandN14,
  author    = {Virginie Lallemand and
               Mar{\'{\i}}a Naya{-}Plasencia},
  title     = {Cryptanalysis of {KLEIN}},
  booktitle = {Fast Software Encryption - 21st International Workshop, {FSE} 2014,
               London, UK, March 3-5, 2014. Revised Selected Papers},
  pages     = {451--470},
  year      = {2014},
  crossref  = {DBLP:conf/fse/2014},
  url       = {https://doi.org/10.1007/978-3-662-46706-0_23},
  doi       = {10.1007/978-3-662-46706-0_23},
  timestamp = {Tue, 23 May 2017 01:12:11 +0200},
  biburl    = {http://dblp.org/rec/bib/conf/fse/LallemandN14},
  bibsource = {dblp computer science bibliography, http://dblp.org}
}

@proceedings{DBLP:conf/fse/2014,
  editor    = {Carlos Cid and
               Christian Rechberger},
  title     = {Fast Software Encryption - 21st International Workshop, {FSE} 2014,
               London, UK, March 3-5, 2014. Revised Selected Papers},
  series    = {Lecture Notes in Computer Science},
  volume    = {8540},
  publisher = {Springer},
  year      = {2015},
  url       = {https://doi.org/10.1007/978-3-662-46706-0},
  doi       = {10.1007/978-3-662-46706-0},
  isbn      = {978-3-662-46705-3},
  timestamp = {Tue, 23 May 2017 01:12:11 +0200},
  biburl    = {http://dblp.org/rec/bib/conf/fse/2014},
  bibsource = {dblp computer science bibliography, http://dblp.org}
}

@article{DBLP:journals/iet-ifs/AhmadianSA15,
  author    = {Zahra Ahmadian and
               Mahmoud Salmasizadeh and
               Mohammad Reza Aref},
  title     = {Biclique cryptanalysis of the full-round {KLEIN} block cipher},
  journal   = {{IET} Information Security},
  volume    = {9},
  number    = {5},
  pages     = {294--301},
  year      = {2015},
  url       = {https://doi.org/10.1049/iet-ifs.2014.0160},
  doi       = {10.1049/iet-ifs.2014.0160},
  timestamp = {Fri, 26 May 2017 22:52:04 +0200},
  biburl    = {http://dblp.org/rec/bib/journals/iet-ifs/AhmadianSA15},
  bibsource = {dblp computer science bibliography, http://dblp.org}
}

@inproceedings{DBLP:conf/indocrypt/AumassonNS11,
  author    = {Jean{-}Philippe Aumasson and
               Mar{\'{\i}}a Naya{-}Plasencia and
               Markku{-}Juhani O. Saarinen},
  title     = {Practical Attack on 8 Rounds of the Lightweight Block Cipher {KLEIN}},
  booktitle = {Progress in Cryptology - {INDOCRYPT} 2011 - 12th International Conference
               on Cryptology in India, Chennai, India, December 11-14, 2011. Proceedings},
  pages     = {134--145},
  year      = {2011},
  crossref  = {DBLP:conf/indocrypt/2011},
  url       = {https://doi.org/10.1007/978-3-642-25578-6_11},
  doi       = {10.1007/978-3-642-25578-6_11},
  timestamp = {Fri, 19 May 2017 01:26:37 +0200},
  biburl    = {http://dblp.org/rec/bib/conf/indocrypt/AumassonNS11},
  bibsource = {dblp computer science bibliography, http://dblp.org}
}

@proceedings{DBLP:conf/indocrypt/2011,
  editor    = {Daniel J. Bernstein and
               Sanjit Chatterjee},
  title     = {Progress in Cryptology - {INDOCRYPT} 2011 - 12th International Conference
               on Cryptology in India, Chennai, India, December 11-14, 2011. Proceedings},
  series    = {Lecture Notes in Computer Science},
  volume    = {7107},
  publisher = {Springer},
  year      = {2011},
  url       = {https://doi.org/10.1007/978-3-642-25578-6},
  doi       = {10.1007/978-3-642-25578-6},
  isbn      = {978-3-642-25577-9},
  timestamp = {Fri, 19 May 2017 01:26:37 +0200},
  biburl    = {http://dblp.org/rec/bib/conf/indocrypt/2011},
  bibsource = {dblp computer science bibliography, http://dblp.org}
}

@book{DBLP:books/sp/DaemenR02,
  author    = {Joan Daemen and
               Vincent Rijmen},
  title     = {The Design of Rijndael: {AES} - The Advanced Encryption Standard},
  series    = {Information Security and Cryptography},
  publisher = {Springer},
  year      = {2002},
  url       = {https://doi.org/10.1007/978-3-662-04722-4},
  doi       = {10.1007/978-3-662-04722-4},
  isbn      = {3-540-42580-2},
  timestamp = {Tue, 16 May 2017 14:01:44 +0200},
  biburl    = {http://dblp.org/rec/bib/books/sp/DaemenR02},
  bibsource = {dblp computer science bibliography, http://dblp.org}
}


@inproceedings{DBLP:conf/ches/BogdanovKLPPRSV07,
  author    = {Andrey Bogdanov and
               Lars R. Knudsen and
               Gregor Leander and
               Christof Paar and
               Axel Poschmann and
               Matthew J. B. Robshaw and
               Yannick Seurin and
               C. Vikkelsoe},
  title     = {{PRESENT:} An Ultra-Lightweight Block Cipher},
  booktitle = {Cryptographic Hardware and Embedded Systems - {CHES} 2007, 9th International
               Workshop, Vienna, Austria, September 10-13, 2007, Proceedings},
  pages     = {450--466},
  year      = {2007},
  crossref  = {DBLP:conf/ches/2007},
  url       = {https://doi.org/10.1007/978-3-540-74735-2_31},
  doi       = {10.1007/978-3-540-74735-2_31},
  timestamp = {Fri, 02 Jun 2017 13:01:07 +0200},
  biburl    = {http://dblp.org/rec/bib/conf/ches/BogdanovKLPPRSV07},
  bibsource = {dblp computer science bibliography, http://dblp.org}
}
@proceedings{DBLP:conf/ches/2007,
  editor    = {Pascal Paillier and
               Ingrid Verbauwhede},
  title     = {Cryptographic Hardware and Embedded Systems - {CHES} 2007, 9th International
               Workshop, Vienna, Austria, September 10-13, 2007, Proceedings},
  series    = {Lecture Notes in Computer Science},
  volume    = {4727},
  publisher = {Springer},
  year      = {2007},
  url       = {https://doi.org/10.1007/978-3-540-74735-2},
  doi       = {10.1007/978-3-540-74735-2},
  isbn      = {978-3-540-74734-5},
  timestamp = {Fri, 02 Jun 2017 13:01:07 +0200},
  biburl    = {http://dblp.org/rec/bib/conf/ches/2007},
  bibsource = {dblp computer science bibliography, http://dblp.org}
}

@article{DBLP:journals/jcst/GongHNTZ14,
  author    = {Zheng Gong and
               Pieter H. Hartel and
               Svetla Nikova and
               Shaohua Tang and
               Bo Zhu},
  title     = {TuLP: {A} Family of Lightweight Message Authentication Codes for Body
               Sensor Networks},
  journal   = {J. Comput. Sci. Technol.},
  volume    = {29},
  number    = {1},
  pages     = {53--68},
  year      = {2014},
  url       = {https://doi.org/10.1007/s11390-013-1411-8},
  doi       = {10.1007/s11390-013-1411-8},
  timestamp = {Wed, 14 Jun 2017 20:34:09 +0200},
  biburl    = {http://dblp.org/rec/bib/journals/jcst/GongHNTZ14},
  bibsource = {dblp computer science bibliography, http://dblp.org}
}

@inproceedings{DBLP:conf/ccs/ChowEJO02,
  author    = {Stanley Chow and
               Philip A. Eisen and
               Harold Johnson and
               Paul C. van Oorschot},
  title     = {A White-Box {DES} Implementation for {DRM} Applications},
  booktitle = {Security and Privacy in Digital Rights Management, {ACM} {CCS-9} Workshop,
               {DRM} 2002, Washington, DC, USA, November 18, 2002, Revised Papers},
  pages     = {1--15},
  year      = {2002},
  crossref  = {DBLP:conf/ccs/2002drm},
  url       = {https://doi.org/10.1007/978-3-540-44993-5_1},
  doi       = {10.1007/978-3-540-44993-5_1},
  timestamp = {Mon, 29 May 2017 16:53:44 +0200},
  biburl    = {http://dblp.org/rec/bib/conf/ccs/ChowEJO02},
  bibsource = {dblp computer science bibliography, http://dblp.org}
}

@proceedings{DBLP:conf/ccs/2002drm,
  editor    = {Joan Feigenbaum},
  title     = {Security and Privacy in Digital Rights Management, {ACM} {CCS-9} Workshop,
               {DRM} 2002, Washington, DC, USA, November 18, 2002, Revised Papers},
  series    = {Lecture Notes in Computer Science},
  volume    = {2696},
  publisher = {Springer},
  year      = {2003},
  url       = {https://doi.org/10.1007/b11725},
  doi       = {10.1007/b11725},
  isbn      = {3-540-40410-4},
  timestamp = {Mon, 29 May 2017 16:53:44 +0200},
  biburl    = {http://dblp.org/rec/bib/conf/ccs/2002drm},
  bibsource = {dblp computer science bibliography, http://dblp.org}
}

@inproceedings{DBLP:conf/asiacrypt/BiryukovBK14,
  author    = {Alex Biryukov and
               Charles Bouillaguet and
               Dmitry Khovratovich},
  title     = {Cryptographic Schemes Based on the {ASASA} Structure: Black-Box, White-Box,
               and Public-Key (Extended Abstract)},
  booktitle = {Advances in Cryptology - {ASIACRYPT} 2014 - 20th International Conference
               on the Theory and Application of Cryptology and Information Security,
               Kaoshiung, Taiwan, R.O.C., December 7-11, 2014. Proceedings, Part
               {I}},
  pages     = {63--84},
  year      = {2014},
  crossref  = {DBLP:conf/asiacrypt/2014-1},
  url       = {https://doi.org/10.1007/978-3-662-45611-8_4},
  doi       = {10.1007/978-3-662-45611-8_4},
  timestamp = {Fri, 19 May 2017 01:26:33 +0200},
  biburl    = {http://dblp.org/rec/bib/conf/asiacrypt/BiryukovBK14},
  bibsource = {dblp computer science bibliography, http://dblp.org}
}

@proceedings{DBLP:conf/asiacrypt/2014-1,
  editor    = {Palash Sarkar and
               Tetsu Iwata},
  title     = {Advances in Cryptology - {ASIACRYPT} 2014 - 20th International Conference
               on the Theory and Application of Cryptology and Information Security,
               Kaoshiung, Taiwan, R.O.C., December 7-11, 2014. Proceedings, Part
               {I}},
  series    = {Lecture Notes in Computer Science},
  volume    = {8873},
  publisher = {Springer},
  year      = {2014},
  url       = {https://doi.org/10.1007/978-3-662-45611-8},
  doi       = {10.1007/978-3-662-45611-8},
  isbn      = {978-3-662-45610-1},
  timestamp = {Fri, 19 May 2017 01:26:32 +0200},
  biburl    = {http://dblp.org/rec/bib/conf/asiacrypt/2014-1},
  bibsource = {dblp computer science bibliography, http://dblp.org}
}

@inproceedings{DBLP:conf/isw/SaxenaWP09,
  author    = {Amitabh Saxena and
               Brecht Wyseur and
               Bart Preneel},
  title     = {Towards Security Notions for White-Box Cryptography},
  booktitle = {Information Security, 12th International Conference, {ISC} 2009, Pisa,
               Italy, September 7-9, 2009. Proceedings},
  pages     = {49--58},
  year      = {2009},
  crossref  = {DBLP:conf/isw/2009},
  url       = {https://doi.org/10.1007/978-3-642-04474-8_4},
  doi       = {10.1007/978-3-642-04474-8_4},
  timestamp = {Sun, 21 May 2017 00:20:08 +0200},
  biburl    = {http://dblp.org/rec/bib/conf/isw/SaxenaWP09},
  bibsource = {dblp computer science bibliography, http://dblp.org}
}

@proceedings{DBLP:conf/isw/2009,
  editor    = {Pierangela Samarati and
               Moti Yung and
               Fabio Martinelli and
               Claudio Agostino Ardagna},
  title     = {Information Security, 12th International Conference, {ISC} 2009, Pisa,
               Italy, September 7-9, 2009. Proceedings},
  series    = {Lecture Notes in Computer Science},
  volume    = {5735},
  publisher = {Springer},
  year      = {2009},
  url       = {https://doi.org/10.1007/978-3-642-04474-8},
  doi       = {10.1007/978-3-642-04474-8},
  isbn      = {978-3-642-04473-1},
  timestamp = {Sun, 21 May 2017 00:20:08 +0200},
  biburl    = {http://dblp.org/rec/bib/conf/isw/2009},
  bibsource = {dblp computer science bibliography, http://dblp.org}
}

@INPROCEEDINGS{XiaoLai09, 
author={Y. Xiao and X. Lai}, 
booktitle={2009 2nd International Conference on Computer Science and its Applications}, 
title={A Secure Implementation of White-Box AES}, 
year={2009}, 
volume={}, 
number={}, 
pages={1-6}, 
keywords={Billets;Cryptography;Encoding;Information analysis;Manipulator dynamics;Protection;Resists;Security;Software algorithms;Table lookup}, 
doi={10.1109/CSA.2009.5404239}, 
ISSN={2159-7030}, 
month={Dec},}

@misc{cryptoeprint:2006:468,
    author = {Julien Bringer and Herve Chabanne and Emmanuelle Dottax},
    title = {White Box Cryptography: Another Attempt},
    howpublished = {Cryptology ePrint Archive, Report 2006/468},
    year = {2006},
    note = {\url{https://eprint.iacr.org/2006/468}},
}

@Inbook{Paar2010,
author="Paar, Christof
and Pelzl, Jan",
title="The Data Encryption Standard (DES) and Alternatives",
bookTitle="Understanding Cryptography: A Textbook for Students and Practitioners",
year="2010",
publisher="Springer Berlin Heidelberg",
address="Berlin, Heidelberg",
pages="55--86",
abstract="The Data Encryption Standard (DES) has been by far the most popular block cipher for most of the last 30 years. Even though it is nowadays not considered secure against a determined attacker because the DES key space is too small, it is still used in legacy applications. Furthermore, encrypting data three times in a row with DES --- a process referred to as 3DES or triple DES --- yields a very secure cipher which is still widely used today (Section 3.5 deals with 3DES.) Perhaps what is more important, since DES is by far the best-studied symmetric algorithm, its design principles have inspired many current ciphers. Hence, studying DES helps us to understand many other symmetric algorithms.",
isbn="978-3-642-04101-3",
doi="10.1007/978-3-642-04101-3_3",
url="https://doi.org/10.1007/978-3-642-04101-3_3"
}

@inproceedings{DBLP:conf/acns/WuZ11,
  author    = {Wenling Wu and
               Lei Zhang},
  title     = {LBlock: {A} Lightweight Block Cipher},
  booktitle = {Applied Cryptography and Network Security - 9th International Conference,
               {ACNS} 2011, Nerja, Spain, June 7-10, 2011. Proceedings},
  pages     = {327--344},
  year      = {2011},
  crossref  = {DBLP:conf/acns/2011},
  url       = {https://doi.org/10.1007/978-3-642-21554-4_19},
  doi       = {10.1007/978-3-642-21554-4_19},
  timestamp = {Tue, 23 May 2017 01:13:09 +0200},
  biburl    = {http://dblp.org/rec/bib/conf/acns/WuZ11},
  bibsource = {dblp computer science bibliography, http://dblp.org}
}

@proceedings{DBLP:conf/acns/2011,
  editor    = {Javier Lopez and
               Gene Tsudik},
  title     = {Applied Cryptography and Network Security - 9th International Conference,
               {ACNS} 2011, Nerja, Spain, June 7-10, 2011. Proceedings},
  series    = {Lecture Notes in Computer Science},
  volume    = {6715},
  year      = {2011},
  url       = {https://doi.org/10.1007/978-3-642-21554-4},
  doi       = {10.1007/978-3-642-21554-4},
  isbn      = {978-3-642-21553-7},
  timestamp = {Tue, 23 May 2017 01:13:09 +0200},
  biburl    = {http://dblp.org/rec/bib/conf/acns/2011},
  bibsource = {dblp computer science bibliography, http://dblp.org}
}

@inproceedings{DBLP:conf/africacrypt/EisenbarthGGHIKKNPRSO12,
  author    = {Thomas Eisenbarth and
               Zheng Gong and
               Tim G{\"{u}}neysu and
               Stefan Heyse and
               Sebastiaan Indesteege and
               St{\'{e}}phanie Kerckhof and
               Fran{\c{c}}ois Koeune and
               Tomislav Nad and
               Thomas Plos and
               Francesco Regazzoni and
               Fran{\c{c}}ois{-}Xavier Standaert and
               Lo{\"{\i}}c van Oldeneel tot Oldenzeel},
  title     = {Compact Implementation and Performance Evaluation of Block Ciphers
               in ATtiny Devices},
  booktitle = {Progress in Cryptology - {AFRICACRYPT} 2012 - 5th International Conference
               on Cryptology in Africa, Ifrance, Morocco, July 10-12, 2012. Proceedings},
  pages     = {172--187},
  year      = {2012},
  crossref  = {DBLP:conf/africacrypt/2012},
  url       = {https://doi.org/10.1007/978-3-642-31410-0_11},
  doi       = {10.1007/978-3-642-31410-0_11},
  timestamp = {Thu, 15 Jun 2017 21:37:05 +0200},
  biburl    = {http://dblp.org/rec/bib/conf/africacrypt/EisenbarthGGHIKKNPRSO12},
  bibsource = {dblp computer science bibliography, http://dblp.org}
}

@proceedings{DBLP:conf/africacrypt/2012,
  editor    = {Aikaterini Mitrokotsa and
               Serge Vaudenay},
  title     = {Progress in Cryptology - {AFRICACRYPT} 2012 - 5th International Conference
               on Cryptology in Africa, Ifrance, Morocco, July 10-12, 2012. Proceedings},
  series    = {Lecture Notes in Computer Science},
  volume    = {7374},
  publisher = {Springer},
  year      = {2012},
  url       = {https://doi.org/10.1007/978-3-642-31410-0},
  doi       = {10.1007/978-3-642-31410-0},
  isbn      = {978-3-642-31409-4},
  timestamp = {Mon, 29 May 2017 13:41:22 +0200},
  biburl    = {http://dblp.org/rec/bib/conf/africacrypt/2012},
  bibsource = {dblp computer science bibliography, http://dblp.org}
}

@article{DBLP:journals/chinaf/ZhangBLR0V15,
  author    = {Wentao Zhang and
               Zhenzhen Bao and
               Dongdai Lin and
               Vincent Rijmen and
               Bohan Yang and
               Ingrid Verbauwhede},
  title     = {{RECTANGLE:} a bit-slice lightweight block cipher suitable for multiple
               platforms},
  journal   = {{SCIENCE} {CHINA} Information Sciences},
  volume    = {58},
  number    = {12},
  pages     = {1--15},
  year      = {2015},
  url       = {https://doi.org/10.1007/s11432-015-5459-7},
  doi       = {10.1007/s11432-015-5459-7},
  timestamp = {Wed, 17 May 2017 14:25:34 +0200},
  biburl    = {http://dblp.org/rec/bib/journals/chinaf/ZhangBLR0V15},
  bibsource = {dblp computer science bibliography, http://dblp.org}
}

@inproceedings{DBLP:conf/ches/GuoPPR11,
  author    = {Jian Guo and
               Thomas Peyrin and
               Axel Poschmann and
               Matthew J. B. Robshaw},
  title     = {The {LED} Block Cipher},
  booktitle = {Cryptographic Hardware and Embedded Systems - {CHES} 2011 - 13th International
               Workshop, Nara, Japan, September 28 - October 1, 2011. Proceedings},
  pages     = {326--341},
  year      = {2011},
  crossref  = {DBLP:conf/ches/2011},
  url       = {https://doi.org/10.1007/978-3-642-23951-9_22},
  doi       = {10.1007/978-3-642-23951-9_22},
  timestamp = {Thu, 01 Jun 2017 18:58:20 +0200},
  biburl    = {http://dblp.org/rec/bib/conf/ches/GuoPPR11},
  bibsource = {dblp computer science bibliography, http://dblp.org}
}

@proceedings{DBLP:conf/ches/2011,
  editor    = {Bart Preneel and
               Tsuyoshi Takagi},
  title     = {Cryptographic Hardware and Embedded Systems - {CHES} 2011 - 13th International
               Workshop, Nara, Japan, September 28 - October 1, 2011. Proceedings},
  series    = {Lecture Notes in Computer Science},
  volume    = {6917},
  publisher = {Springer},
  year      = {2011},
  url       = {https://doi.org/10.1007/978-3-642-23951-9},
  doi       = {10.1007/978-3-642-23951-9},
  isbn      = {978-3-642-23950-2},
  timestamp = {Sun, 21 May 2017 00:18:34 +0200},
  biburl    = {http://dblp.org/rec/bib/conf/ches/2011},
  bibsource = {dblp computer science bibliography, http://dblp.org}
}

@inproceedings{DBLP:conf/ches/BogdanovLPPRS08,
  author    = {Andrey Bogdanov and
               Gregor Leander and
               Christof Paar and
               Axel Poschmann and
               Matthew J. B. Robshaw and
               Yannick Seurin},
  title     = {Hash Functions and {RFID} Tags: Mind the Gap},
  booktitle = {Cryptographic Hardware and Embedded Systems - {CHES} 2008, 10th International
               Workshop, Washington, D.C., USA, August 10-13, 2008. Proceedings},
  pages     = {283--299},
  year      = {2008},
  crossref  = {DBLP:conf/ches/2008},
  url       = {https://doi.org/10.1007/978-3-540-85053-3_18},
  doi       = {10.1007/978-3-540-85053-3_18},
  timestamp = {Tue, 13 Jun 2017 10:37:56 +0200},
  biburl    = {http://dblp.org/rec/bib/conf/ches/BogdanovLPPRS08},
  bibsource = {dblp computer science bibliography, http://dblp.org}
}

@proceedings{DBLP:conf/ches/2008,
  editor    = {Elisabeth Oswald and
               Pankaj Rohatgi},
  title     = {Cryptographic Hardware and Embedded Systems - {CHES} 2008, 10th International
               Workshop, Washington, D.C., USA, August 10-13, 2008. Proceedings},
  series    = {Lecture Notes in Computer Science},
  volume    = {5154},
  publisher = {Springer},
  year      = {2008},
  url       = {https://doi.org/10.1007/978-3-540-85053-3},
  doi       = {10.1007/978-3-540-85053-3},
  isbn      = {978-3-540-85052-6},
  timestamp = {Tue, 13 Jun 2017 10:37:56 +0200},
  biburl    = {http://dblp.org/rec/bib/conf/ches/2008},
  bibsource = {dblp computer science bibliography, http://dblp.org}
}